<record><leader>00000cas a22000007a 4500</leader><controlfield tag="001">20481315</controlfield><controlfield tag="008">891012d19891992inuwr ne      0   a0eng d</controlfield><datafield ind1=" " ind2=" " tag="010"><subfield code="a">sn 89099038 </subfield></datafield><datafield ind1=" " ind2=" " tag="040"><subfield code="a">NPI</subfield><subfield code="b">eng</subfield><subfield code="c">NPI</subfield><subfield code="d">NSD</subfield><subfield code="d">NPI</subfield><subfield code="d">OCLCQ</subfield></datafield><datafield ind1=" " ind2=" " tag="012"><subfield code="j">0</subfield><subfield code="m">d</subfield></datafield><datafield ind1="1" ind2=" " tag="022"><subfield code="a">1046-994X</subfield><subfield code="l">1046-994X</subfield><subfield code="2">1</subfield></datafield><datafield ind1=" " ind2=" " tag="042"><subfield code="a">msc</subfield><subfield code="a">nsdp</subfield></datafield><datafield ind1=" " ind2="0" tag="222"><subfield code="a">Hendricks County guide-gazette</subfield></datafield><datafield ind1="0" ind2="0" tag="245"><subfield code="a">Hendricks County guide-gazette.</subfield></datafield><datafield ind1=" " ind2=" " tag="260"><subfield code="a">Brownsburg, IN :</subfield><subfield code="b">Mid-State Newspapers,</subfield><subfield code="c">1989-1992.</subfield></datafield><datafield ind1=" " ind2=" " tag="300"><subfield code="a">4 v. :</subfield><subfield code="b">ill. ;</subfield><subfield code="c">59 cm.</subfield></datafield><datafield ind1=" " ind2=" " tag="310"><subfield code="a">Weekly</subfield></datafield><datafield ind1="0" ind2=" " tag="362"><subfield code="a">Vol. 109, no. 38 (Oct. 3, 1989)-v. 112, no. 31 (July 28, 1992).</subfield></datafield><datafield ind1=" " ind2=" " tag="580"><subfield code="a">Split into: Gazette (Danville, Ind.); Guide (Brownsburg, Ind. : 1993); and, Newsleader.</subfield></datafield><datafield ind1=" " ind2=" " tag="752"><subfield code="a">United States</subfield><subfield code="b">Indiana</subfield><subfield code="c">Hendricks</subfield><subfield code="d">Brownsburg.</subfield></datafield><datafield ind1="0" ind2="4" tag="780"><subfield code="t">Hendricks County gazette (Danville, Ind. : 1987)</subfield><subfield code="x">0897-1250</subfield><subfield code="w">(DLC)sn 87056014</subfield></datafield><datafield ind1="0" ind2="4" tag="780"><subfield code="t">Hendricks County guide</subfield><subfield code="x">0897-1285</subfield><subfield code="w">(DLC)sn 87056013</subfield></datafield><datafield ind1="1" ind2="6" tag="785"><subfield code="t">Gazette (Danville, Ind.)</subfield><subfield code="w">(DLC)sn 93049011</subfield></datafield><datafield ind1="1" ind2="6" tag="785"><subfield code="t">Guide (Brownsburg, Ind. : 1992)</subfield><subfield code="x">1070-6119</subfield><subfield code="w">(DLC)sn 93007590</subfield><subfield code="w">(OCoLC)28438248</subfield></datafield><datafield ind1="1" ind2="6" tag="785"><subfield code="t">Newsleader</subfield></datafield></record>